%% This BibTeX bibliography file was created using BibDesk.
%% http://bibdesk.sourceforge.net/

%% Created for Lori Pickering at 2018-05-15 12:56:21 -0400 


%% Saved with string encoding Unicode (UTF-8) 



@book{ChinOlder,
	Abstract = {ISBN 9781584888628 - CAT# C8628},
	Author = {Shiu-Kai Chin, Susan Beth Older},
	Date-Added = {2018-05-15 16:50:06 +0000},
	Date-Modified = {2018-05-15 16:55:08 +0000},
	Lastchecked = {15 May 2018},
	Month = {July},
	Publisher = {Chapman and Hall/CRC },
	Rating = {5},
	Series = {Chapman & Hall/CRC Cryptography and Network Security Series},
	Title = {Access Control, Security, and Trust: A Logical Approach},
	Url = {https://www.crcpress.com/Access-Control-Security-and-Trust-A-Logical-Approach/Chin-Older/p/book/9781584888628},
	Year = {2010}}
